@masterthesis{frida,
    title        = "Designing UI for color correction and grading tools for the web-based program Accurate Video",
    author       = "Andersson, Frida",
    year         = "2021",
    month        = "June",
    url          = "https://www.diva-portal.org/smash/record.jsf?pid=diva23A1587854&dswid=6804",
    school       = "Ume\aa \ University",
    type         = "Master's thesis"
}

@MISC{codemill,
  AUTHOR       = "Codemill",
  TITLE        = "This is Codemill",
  NOTE         = "Accessed 02.02.2024",
  URL		   = "https://www.codemill.se/about-us"
}